@online{oracle_data_mining,
  author = {Oracle},
  title  = {Qu’est-ce que le Data Mining ?},
  url    = {https://www.oracle.com/fr/database/data-mining-definition.html}
}

@online{wiki_relation_equivalence,
  author = {Wikipedia},
  title  = {Relation d'équivalence},
  url    = {https://fr.wikipedia.org/wiki/Relation_d'equivalence#}
}

@online{diff_list,
  author = {Chinmoy Lenka},
  year   = {2022},
  title  = {Python | Difference between two lists},
  url    = {https://www.geeksforgeeks.org/python-difference-two-lists/}
}

@online{intersection_list,
  author = {manjeet\_04},
  year   = {2019},
  title  = {Python | Find common elements in list of lists},
  url    = {https://www.geeksforgeeks.org/python-find-common-elements-in-list-of-lists/}
}
